<?xml version="1.0" encoding="UTF-8"?>
<collection xmlns="http://www.loc.gov/MARC21/slim">
 <record>
  <leader>01278cam a2200349 a 4500</leader>
  <controlfield tag="001">490538</controlfield>
  <controlfield tag="005">20071211153100.0</controlfield>
  <controlfield tag="008">820703m19819999ilua     b    00010 eng  </controlfield>
  <datafield tag="010" ind1=" " ind2=" ">
   <subfield code="a">   81080596 //r902</subfield>
  </datafield>
  <datafield tag="020" ind1=" " ind2=" ">
   <subfield code="a">0918986303 (v. 1, pt. 1</subfield>
  </datafield>
  <datafield tag="035" ind1=" " ind2=" ">
   <subfield code="a">(ICU)BID6603800</subfield>
  </datafield>
  <datafield tag="035" ind1=" " ind2=" ">
   <subfield code="a">(OCoLC)9154374</subfield>
  </datafield>
  <datafield tag="040" ind1=" " ind2=" ">
   <subfield code="a">DLC</subfield>
   <subfield code="a">DLC</subfield>
   <subfield code="c">DLC</subfield>
   <subfield code="d">DLC</subfield>
  </datafield>
  <datafield tag="041" ind1="0" ind2=" ">
   <subfield code="a">eng</subfield>
  </datafield>
  <datafield tag="043" ind1=" " ind2=" ">
   <subfield code="a">f-ua---</subfield>
  </datafield>
  <datafield tag="050" ind1="0" ind2="0">
   <subfield code="a">DT73.K4</subfield>
   <subfield code="b">N44 1981</subfield>
  </datafield>
  <datafield tag="082" ind1="0" ind2="0">
   <subfield code="a">932/.014</subfield>
   <subfield code="2">19</subfield>
  </datafield>
  <datafield tag="100" ind1="1" ind2=" ">
   <subfield code="a">Nelson, Harold Hayden,</subfield>
   <subfield code="d">1878-1954</subfield>
  </datafield>
  <datafield tag="245" ind1="1" ind2="4">
   <subfield code="a">The great hypostyle hall at Karnak /</subfield>
   <subfield code="c">by Harold Hayden Nelson ; edited by William J. Murnane.</subfield>
  </datafield>
  <datafield tag="260" ind1="0" ind2=" ">
   <subfield code="a">Chicago, Ill. :</subfield>
   <subfield code="b">Oriental Institute of the University of Chicago,</subfield>
   <subfield code="c">1981-</subfield>
  </datafield>
  <datafield tag="300" ind1=" " ind2=" ">
   <subfield code="a">v. :</subfield>
   <subfield code="b">ill. ;</subfield>
   <subfield code="c">31 cm.</subfield>
  </datafield>
  <datafield tag="440" ind1=" " ind2="0">
   <subfield code="a">University of Chicago Oriental Institute publications</subfield>
   <subfield code="v">v. 106-</subfield>
  </datafield>
  <datafield tag="504" ind1=" " ind2=" ">
   <subfield code="a">Includes bibliographical references.</subfield>
  </datafield>
  <datafield tag="505" ind1="1" ind2=" ">
   <subfield code="a">v. 1, pt. l. The wall reliefs.</subfield>
  </datafield>
  <datafield tag="610" ind1="2" ind2="0">
   <subfield code="a">Temple of Amon (Karnak, Egypt)</subfield>
  </datafield>
  <datafield tag="650" ind1=" " ind2="0">
   <subfield code="a">Halls</subfield>
   <subfield code="z">Egypt</subfield>
   <subfield code="z">Karnak.</subfield>
  </datafield>
  <datafield tag="610" ind1="2" ind2="7">
   <subfield code="a">Temple of Amon (Karnak, Egypt)</subfield>
   <subfield code="2">fast</subfield>
   <subfield code="0">http://id.worldcat.org/fast/fst00630853</subfield>
  </datafield>
  <datafield tag="650" ind1=" " ind2="7">
   <subfield code="a">Rooms.</subfield>
   <subfield code="2">fast</subfield>
   <subfield code="0">http://id.worldcat.org/fast/fst01100369</subfield>
  </datafield>
  <datafield tag="700" ind1="1" ind2="0">
   <subfield code="a">Murnane, William J.</subfield>
  </datafield>
  <datafield tag="929" ind1=" " ind2=" ">
   <subfield code="t">LCC</subfield>
   <subfield code="c">Gen</subfield>
   <subfield code="a">DT73.K4N440 1981</subfield>
   <subfield code="l">JRL</subfield>
  </datafield>
  <datafield tag="927" ind1=" " ind2=" ">
   <subfield code="b">22204588</subfield>
  </datafield>
  <datafield tag="929" ind1=" " ind2=" ">
   <subfield code="t">LCC</subfield>
   <subfield code="c">Gen</subfield>
   <subfield code="a">DT73.K4N440 1981</subfield>
   <subfield code="l">JRL</subfield>
  </datafield>
 </record>
</collection>
